@misc{pythonhistory,
	bibitemlabel = "Gui09",
	title = "First-class Everything",
	author = "Guido van Rossum",
	year = 2009,
	howpublished = "\url{http://python-history.blogspot.fi/2009/02/first-class-everything.html}",
	note = "[2.2.2013]"
}

@misc{pythonclasses,
	bibitemlabel = "Pyt13",
	title = "The Python Tutorial -- Classes",
	howpublished = "\url{http://docs.python.org/2/tutorial/classes.html}",
	note = "[2.2.2013]"
}