@misc{gil,
	bibitemlabel = "PyW13",
	title = "Python Wiki -- GlobalInterpreterLock",
	howpublished = "\url{http://wiki.python.org/moin/GlobalInterpreterLock}",
	note = [13.2.2013]
}

@misc{threading,
	bibitemlabel = "Pyt13g",
	title = "The Python Standard Library -- Threading",
	howpublished = "\url{http://docs.python.org/2/library/threading.html}",
	note = "[13.2.2013]"
}

@misc{queue,
	bibitemlabel = "Pyt13f",
	title = "The Python Standard Library -- Queue -- A Synchronized Queue Class",
	howpublished = "\url{http://docs.python.org/2/library/queue.html}",
	note = "[13.2.2013]
}

@misc{glossary,
    bibitemlabel = "Pyt13b",
    title = "Glossary",
    howpublished = "\url{http://docs.python.org/2/glossary.html}",
    note = "[12.2.2013]"
}

@misc{everythingreturnedexception,
	bibitemlabel = "Pyt13a",
	title = "Python Language Reference -- Execution Model",
	howpublished = "\url{http://docs.python.org/2/reference/executionmodel.html#exceptions}",
	note = "[12.2.2013]"
}


@misc{staticvsdynamic,
	bibitemlabel = "Stat09",
	title = "Static vs. dynamic typing of programming languages",
	howpublished = "\url{http://pythonconquerstheuniverse.wordpress.com/2009/10/03/static-vs-dynamic-typing-of-programming-languages/}",
	year = "2009",
	note = "[11.2.2013]"
}

@book{objectorientedcobol,
  author    = {Edmund C. Arranga and
               Frank P. Coyle},
  author = {Arranga, Edmund C. and Coyle, Frank P.},
 title = {Object-Oriented COBOL},
 year = {1996},
 isbn = {0132611406},
 edition = {1983rd},
 publisher = {Cambridge University Press},
 address = {New York, NY, USA},
} 

@misc{wikipediacobol,
	bibitemlabel = "Wik13a",
	title = "Cobol",
	howpublished = "\url{http://en.wikipedia.org/wiki/COBOL}",
	note = "[11.2.2013]"
}

@misc{ducktyping,
	bibitemlabel = "Wik13b",
	title = "Duck Typing",
	howpublished = "\url{http://en.wikipedia.org/wiki/Duck_typing}",
	note = "[11.2.2013]"
}

@misc{python2ref,
	bibitemlabel = "Pyt13d",
	title = "Python v2.7.3 documentation Language Reference - Data Model",
	howpublished = "\url{http://docs.python.org/2/reference/datamodel.html}",
	note = "[12.2.2013]"
}

@misc{python3ref,
	bibitemlabel = "Pyt13e",
	title = "Python v3.3 documentation Language Reference - Data Model",
	howpublished = "\url{http://docs.python.org/3.3/reference/datamodel.html}",
	note = "[12.2.2013]"
}

@misc{cobolintro,
	bibitemlabel = "Cou99a",
	title = "COBOL Tutorial: Selection",
	howpublished = "\url{http://www.csis.ul.ie/cobol/course/DataDeclaration.htm}",
	note = "[12.2.2013]"
}

@misc{pycontrolflow,
	bibitemlabel = "Pyt13c",
	title = "The Python Tutorial - 4. More Control Flow Tools",
	howpublished = "\url{http://docs.python.org/2/tutorial/controlflow.html}",
	note = "[12.2.2013]"
}

@misc{lawlis,
	bibitemlabel = "Law97",
	year = 1997,
	title = "Guidelines for Choosing A Computer Language: Support For The Visionary Organization",
	author = {PATRICIA K. LAWLIS},
	howpublished = "\url{http://archive.adaic.com/docs/reports/lawlis/m.htm}",
	note = "[13.2.2013]"
}

@misc{mfocus,
	bibitemlabel = "Mic99",
	title = "Programmer's Guide to Writing Programs",
	howpublished = "\url{http://supportline.microfocus.com/documentation/books/oc41books/prconc.htm}",
	note = "[13.2.2013]"
}



